@article{clar:ekel,
 author = {Waller, Jan and Ehmke, Nils C. and Hasselbring, Wilhelm},
 title = {Including Performance Benchmarks into Continuous Integration to Enable DevOps},
 journal = {SIGSOFT Softw. Eng. Notes},
 issue_date = {March 2015},
 volume = {40},
 number = {2},
 month = apr,
 year = {2015},
 issn = {0163-5948},
 pages = {1--4},
 numpages = {4},
 url = {http://doi.acm.org/10.1145/2735399.2735416},
 doi = {10.1145/2735399.2735416},
 acmid = {2735416},
 publisher = {ACM},
 address = {New York, NY, USA},
 keywords = {Jenkins, Kieker, MooBench},
} 